<record><leader>00000cas a2200000 a 4500</leader><controlfield tag="001">10254522</controlfield><controlfield tag="008">831229d186518uutxu x ne      0    0spa c</controlfield><datafield ind1=" " ind2=" " tag="010"><subfield code="a">sn 83021604 </subfield></datafield><datafield ind1=" " ind2=" " tag="040"><subfield code="a">NPX</subfield><subfield code="b">eng</subfield><subfield code="c">NPX</subfield><subfield code="d">DLC</subfield><subfield code="d">IXA</subfield><subfield code="d">OCLCQ</subfield><subfield code="d">OCLCF</subfield><subfield code="d">OCLCO</subfield><subfield code="d">IUL</subfield><subfield code="d">OCL</subfield></datafield><datafield ind1=" " ind2=" " tag="042"><subfield code="a">pcc</subfield></datafield><datafield ind1=" " ind2=" " tag="043"><subfield code="a">n-mx---</subfield></datafield><datafield ind1="0" ind2="0" tag="245"><subfield code="a">Boleti&#769;n estraordinario!</subfield></datafield><datafield ind1="1" ind2=" " tag="246"><subfield code="i">Issues for &lt;Nov. 15, 1865-Nov. 17, 1865&gt; have title:</subfield><subfield code="a">Impreso suelto</subfield></datafield><datafield ind1="1" ind2=" " tag="246"><subfield code="i">Issues for &lt;Nov. 22, 1865-Nov. 29, 1865&gt; have title:</subfield><subfield code="a">Boleti&#769;n del republicano</subfield></datafield><datafield ind1=" " ind2=" " tag="260"><subfield code="3">&lt;1865&gt;:</subfield><subfield code="a">Campo del Eje&#769;rcito Republicano :</subfield><subfield code="b">[s.n.]</subfield></datafield><datafield ind1="3" ind2=" " tag="260"><subfield code="3">&lt;Nov. 15, 1865-&gt;:</subfield><subfield code="a">Brownsville, Tex.,</subfield><subfield code="b">Gaspar Z. Ambros y Carlos Segura</subfield></datafield><datafield ind1=" " ind2=" " tag="300"><subfield code="a">v. ;</subfield><subfield code="c">32-45 cm.</subfield></datafield><datafield ind1=" " ind2=" " tag="310"><subfield code="a">Irregular</subfield></datafield><datafield ind1="1" ind2=" " tag="362"><subfield code="a">Began in 1865?</subfield></datafield><datafield ind1=" " ind2=" " tag="588"><subfield code="a">Description based on: Nov. 10 de 1865.</subfield></datafield><datafield ind1=" " ind2=" " tag="588"><subfield code="a">Latest issue consulted: Diciembre 12 de 1865.</subfield></datafield><datafield ind1="1" ind2="0" tag="610"><subfield code="a">Mexico.</subfield><subfield code="b">Eje&#769;rcito Republicano</subfield><subfield code="v">Newspapers.</subfield></datafield><datafield ind1=" " ind2="0" tag="651"><subfield code="a">Mexico</subfield><subfield code="x">History</subfield><subfield code="y">European intervention, 1861-1867</subfield><subfield code="v">Newspapers.</subfield></datafield><datafield ind1="1" ind2="7" tag="610"><subfield code="a">Mexico.</subfield><subfield code="b">Eje&#769;rcito Republicano.</subfield><subfield code="2">fast</subfield><subfield code="0">(OCoLC)fst00758736</subfield></datafield><datafield ind1="2" ind2="7" tag="611"><subfield code="a">European Intervention in Mexico (1861-1867)</subfield><subfield code="2">fast</subfield><subfield code="0">(OCoLC)fst01353058</subfield></datafield><datafield ind1=" " ind2="7" tag="651"><subfield code="a">Mexico.</subfield><subfield code="2">fast</subfield><subfield code="0">(OCoLC)fst01211700</subfield></datafield><datafield ind1=" " ind2="7" tag="648"><subfield code="a">1861-1867</subfield><subfield code="2">fast</subfield></datafield><datafield ind1=" " ind2="7" tag="655"><subfield code="a">History.</subfield><subfield code="2">fast</subfield><subfield code="0">(OCoLC)fst01411628</subfield></datafield><datafield ind1=" " ind2="7" tag="655"><subfield code="a">Newspapers.</subfield><subfield code="2">fast</subfield><subfield code="0">(OCoLC)fst01423814</subfield></datafield><datafield ind1="1" ind2=" " tag="700"><subfield code="a">Ambros, Gaspar Z.</subfield></datafield><datafield ind1="1" ind2=" " tag="700"><subfield code="a">Segura, Carlos.</subfield></datafield><datafield ind1=" " ind2=" " tag="752"><subfield code="a">United States</subfield><subfield code="b">Texas</subfield><subfield code="c">Cameron</subfield><subfield code="d">Brownsville.</subfield></datafield><datafield ind1="0" ind2="8" tag="776"><subfield code="i">Microfilm version:</subfield><subfield code="t">Boleti&#769;n estraordinario!</subfield><subfield code="w">(DLC)  2003241167</subfield><subfield code="w">(OCoLC)52568412</subfield></datafield><datafield ind1="0" ind2="8" tag="776"><subfield code="i">Online version:</subfield><subfield code="t">Boletin Estraordinario</subfield><subfield code="w">(OCoLC)664615061</subfield></datafield><datafield ind1="4" ind2="0" tag="856"><subfield code="u">http://infoweb.newsbank.com/?db=EANX&amp;s_browseRef=decades/11D7A31E7262ACA4/all.xml</subfield></datafield><datafield ind1="1" ind2=" " tag="029"><subfield code="a">AU@</subfield><subfield code="b">000020418032</subfield></datafield></record>